% Bibliography for Deep Learning 101

@book{GoodfellowEtAl2016,
  title={Deep Learning},
  author={Goodfellow, Ian and Bengio, Yoshua and Courville, Aaron},
  year={2016},
  publisher={MIT Press},
  url={http://www.deeplearningbook.org}
}

@book{Prince2023,
  title={Understanding Deep Learning},
  author={Prince, Simon J. D.},
  year={2023},
  publisher={MIT Press},
  url={https://udlbook.github.io/udlbook/}
}

@book{Bishop2006,
  title={Pattern Recognition and Machine Learning},
  author={Bishop, Christopher M.},
  year={2006},
  publisher={Springer}
}

@article{Rumelhart1986,
  title={Learning representations by back-propagating errors},
  author={Rumelhart, David E and Hinton, Geoffrey E and Williams, Ronald J},
  journal={Nature},
  volume={323},
  number={6088},
  pages={533--536},
  year={1986},
  publisher={Nature Publishing Group}
}

@article{LeCun1989,
  title={Backpropagation applied to handwritten zip code recognition},
  author={LeCun, Yann and Boser, Bernhard and Denker, John S and Henderson, Donnie and Howard, Richard E and Hubbard, Wayne and Jackel, Lawrence D},
  journal={Neural computation},
  volume={1},
  number={4},
  pages={541--551},
  year={1989},
  publisher={MIT Press}
}

@inproceedings{Krizhevsky2012,
  title={ImageNet classification with deep convolutional neural networks},
  author={Krizhevsky, Alex and Sutskever, Ilya and Hinton, Geoffrey E},
  booktitle={Advances in neural information processing systems},
  pages={1097--1105},
  year={2012}
}

@article{Hochreiter1997,
  title={Long short-term memory},
  author={Hochreiter, Sepp and Schmidhuber, J{\"u}rgen},
  journal={Neural computation},
  volume={9},
  number={8},
  pages={1735--1780},
  year={1997},
  publisher={MIT Press}
}

@inproceedings{Vaswani2017,
  title={Attention is all you need},
  author={Vaswani, Ashish and Shazeer, Noam and Parmar, Niki and Uszkoreit, Jakob and Jones, Llion and Gomez, Aidan N and Kaiser, {\L}ukasz and Polosukhin, Illia},
  booktitle={Advances in neural information processing systems},
  pages={5998--6008},
  year={2017}
}

@article{Kingma2013,
  title={Auto-encoding variational bayes},
  author={Kingma, Diederik P and Welling, Max},
  journal={arXiv preprint arXiv:1312.6114},
  year={2013}
}

@inproceedings{Goodfellow2014,
  title={Generative adversarial nets},
  author={Goodfellow, Ian and Pouget-Abadie, Jean and Mirza, Mehdi and Xu, Bing and Warde-Farley, David and Ozair, Sherjil and Courville, Aaron and Bengio, Yoshua},
  booktitle={Advances in neural information processing systems},
  pages={2672--2680},
  year={2014}
}

@inproceedings{He2016,
  title={Deep residual learning for image recognition},
  author={He, Kaiming and Zhang, Xiangyu and Ren, Shaoqing and Sun, Jian},
  booktitle={Proceedings of the IEEE conference on computer vision and pattern recognition},
  pages={770--778},
  year={2016}
}

@article{Ioffe2015,
  title={Batch normalization: Accelerating deep network training by reducing internal covariate shift},
  author={Ioffe, Sergey and Szegedy, Christian},
  journal={arXiv preprint arXiv:1502.03167},
  year={2015}
}

@article{Kingma2014,
  title={Adam: A method for stochastic optimization},
  author={Kingma, Diederik P and Ba, Jimmy},
  journal={arXiv preprint arXiv:1412.6980},
  year={2014}
}

@inproceedings{Duchi2011,
  title={Adaptive subgradient methods for online learning and stochastic optimization},
  author={Duchi, John and Hazan, Elad and Singer, Yoram},
  booktitle={Journal of Machine Learning Research},
  volume={12},
  pages={2121--2159},
  year={2011}
}


@article{Nesterov1983,
  title={A method for solving the convex programming problem with convergence rate O(1/k\textsuperscript{2})},
  author={Nesterov, Yurii},
  journal={Soviet Mathematics Doklady},
  volume={27},
  pages={372--376},
  year={1983}
}

@article{Polyak1964,
  title={Some methods of speeding up the convergence of iteration methods},
  author={Polyak, Boris T.},
  journal={USSR Computational Mathematics and Mathematical Physics},
  volume={4},
  number={5},
  pages={1--17},
  year={1964}
}

@article{LiuNocedal1989,
  title={On the limited memory BFGS method for large scale optimization},
  author={Liu, Dong C and Nocedal, Jorge},
  journal={Mathematical Programming},
  volume={45},
  number={1-3},
  pages={503--528},
  year={1989}
}

@article{Amari1998,
  title={Natural gradient works efficiently in learning},
  author={Amari, Shun-ichi},
  journal={Neural Computation},
  volume={10},
  number={2},
  pages={251--276},
  year={1998}
}

@inproceedings{Srivastava2014,
  title={Dropout: a simple way to prevent neural networks from overfitting},
  author={Srivastava, Nitish and Hinton, Geoffrey and Krizhevsky, Alex and Sutskever, Ilya and Salakhutdinov, Ruslan},
  journal={The journal of machine learning research},
  volume={15},
  number={1},
  pages={1929--1958},
  year={2014}
}

@article{Cho2014,
  title={Learning phrase representations using RNN encoder-decoder for statistical machine translation},
  author={Cho, Kyunghyun and Van Merri{\"e}nboer, Bart and Gulcehre, Caglar and Bahdanau, Dzmitry and Bougares, Fethi and Schwenk, Holger and Bengio, Yoshua},
  journal={arXiv preprint arXiv:1406.1078},
  year={2014}
}

@article{Bahdanau2014,
  title={Neural machine translation by jointly learning to align and translate},
  author={Bahdanau, Dzmitry and Cho, Kyunghyun and Bengio, Yoshua},
  journal={arXiv preprint arXiv:1409.0473},
  year={2014}
}

@inproceedings{Chen2020,
  title={A simple framework for contrastive learning of visual representations},
  author={Chen, Ting and Kornblith, Simon and Norouzi, Mohammad and Hinton, Geoffrey},
  booktitle={International conference on machine learning},
  pages={1597--1607},
  year={2020},
  organization={PMLR}
}

@article{Ho2020,
  title={Denoising diffusion probabilistic models},
  author={Ho, Jonathan and Jain, Ajay and Abbeel, Pieter},
  journal={Advances in Neural Information Processing Systems},
  volume={33},
  pages={6840--6851},
  year={2020}
}

@inproceedings{Ronneberger2015,
  title={U-net: Convolutional networks for biomedical image segmentation},
  author={Ronneberger, Olaf and Fischer, Philipp and Brox, Thomas},
  booktitle={International Conference on Medical image computing and computer-assisted intervention},
  pages={234--241},
  year={2015},
  organization={Springer}
}

@article{Silver2016,
  title={Mastering the game of Go with deep neural networks and tree search},
  author={Silver, David and Huang, Aja and Maddison, Chris J and Guez, Arthur and Sifre, Laurent and Van Den Driessche, George and Schrittwieser, Julian and Antonoglou, Ioannis and Panneershelvam, Veda and Lanctot, Marc and others},
  journal={Nature},
  volume={529},
  number={7587},
  pages={484--489},
  year={2016},
  publisher={Nature Publishing Group}
}

@article{Devlin2018,
  title={BERT: Pre-training of deep bidirectional transformers for language understanding},
  author={Devlin, Jacob and Chang, Ming-Wei and Lee, Kenton and Toutanova, Kristina},
  journal={arXiv preprint arXiv:1810.04805},
  year={2018}
}

@article{Radford2019,
  title={Language models are unsupervised multitask learners},
  author={Radford, Alec and Wu, Jeffrey and Child, Rewon and Luan, David and Amodei, Dario and Sutskever, Ilya},
  journal={OpenAI blog},
  volume={1},
  number={8},
  pages={9},
  year={2019}
}

@inproceedings{Zhang2018Mixup,
  title={mixup: Beyond Empirical Risk Minimization},
  author={Zhang, Hongyi and Cisse, Moustapha and Dauphin, Yann N. and Lopez-Paz, David},
  booktitle={International Conference on Learning Representations (ICLR)},
  year={2018}
}

@inproceedings{Yun2019CutMix,
  title={CutMix: Regularization Strategy to Train Strong Classifiers with Localizable Features},
  author={Yun, Sangdoo and Han, Dongyoon and Oh, Seong Joon and Chun, Sanghyuk and Choe, Junsuk and Yoo, Youngjoon},
  booktitle={Proceedings of the IEEE/CVF International Conference on Computer Vision (ICCV)},
  pages={6023--6032},
  year={2019}
}

@misc{WebRNNWikipedia,
  title={Recurrent neural network},
  author={{Wikipedia contributors}},
  year={2025},
  howpublished={\url{https://en.wikipedia.org/wiki/Recurrent_neural_network}},
  note={Accessed 2025-10-14}
}

@misc{WebAttentionWikipedia,
  title={Attention (machine learning)},
  author={{Wikipedia contributors}},
  year={2025},
  howpublished={\url{https://en.wikipedia.org/wiki/Attention_(machine_learning)}},
  note={Accessed 2025-10-14}
}

@misc{WebDLBRNN,
  title={Deep Learning Book: Sequence Modeling -- Recurrent and Recursive Nets},
  author={Goodfellow, Ian and Bengio, Yoshua and Courville, Aaron},
  year={2016},
  howpublished={\url{https://www.deeplearningbook.org/contents/rnn.html}},
  note={Accessed 2025-10-14}
}

@misc{D2LChapterRNN,
  title={Dive into Deep Learning: Recurrent Neural Networks},
  author={Zhang, Aston and Lipton, Zachary C. and Li, Mu and Smola, Alexander J. and others},
  year={2024},
  howpublished={\url{https://d2l.ai/chapter_recurrent-neural-networks/index.html}},
  note={Accessed 2025-10-14}
}

@misc{D2LChapterAttention,
  title={Dive into Deep Learning: Attention Mechanisms and Transformers},
  author={Zhang, Aston and Lipton, Zachary C. and Li, Mu and Smola, Alexander J. and others},
  year={2024},
  howpublished={\url{https://d2l.ai/chapter_attention-mechanisms-and-transformers/index.html}},
  note={Accessed 2025-10-14}
}

@inproceedings{Huang2016StochasticDepth,
  title={Deep Networks with Stochastic Depth},
  author={Huang, Gao and Sun, Yu and Liu, Zhuang and Sedra, Daniel and Weinberger, Kilian Q.},
  booktitle={European Conference on Computer Vision (ECCV)},
  pages={646--661},
  year={2016},
  publisher={Springer}
}

@inproceedings{Gal2016MCDropout,
  title={Dropout as a {B}ayesian Approximation: Representing Model Uncertainty in Deep Learning},
  author={Gal, Yarin and Ghahramani, Zoubin},
  booktitle={International Conference on Machine Learning (ICML)},
  pages={1050--1059},
  year={2016},
  organization={PMLR}
}

@misc{WebRegularizationDLBook,
  title={Deep Learning Book: Regularization},
  author={Goodfellow, Ian and Bengio, Yoshua and Courville, Aaron},
  year={2016},
  howpublished={\url{https://www.deeplearningbook.org/contents/regularization.html}},
  note={Accessed 2025-10-14}
}

@misc{WebPineconeRegularization,
  title={Regularization in Neural Networks},
  author={Pinecone},
  year={2023},
  howpublished={\url{https://www.pinecone.io/learn/regularization-in-neural-networks/}},
  note={Accessed 2025-10-14}
}

@misc{WebPrincetonSlides,
  title={Deep Learning: Regularization I (COS495)},
  author={Princeton University},
  year={2016},
  howpublished={\url{https://www.cs.princeton.edu/courses/archive/spring16/cos495/slides/DL_lecture3_regularization_I.pdf}},
  note={Accessed 2025-10-14}
}

@misc{WebOptimizationDLBook,
  title={Deep Learning Book: Optimization for Training Deep Models},
  author={Goodfellow, Ian and Bengio, Yoshua and Courville, Aaron},
  year={2016},
  howpublished={\url{https://www.deeplearningbook.org/contents/optimization.html}},
  note={Accessed 2025-10-14}
}

@misc{Tieleman2012,
  title={Lecture 6.5—RMSProp: Divide the gradient by a running average of its recent magnitude},
  author={Tieleman, Tijmen and Hinton, Geoffrey},
  year={2012},
  howpublished={COURSERA: Neural Networks for Machine Learning}
}

@article{RobbinsMonro1951,
  title={A stochastic approximation method},
  author={Robbins, Herbert and Monro, Sutton},
  journal={The Annals of Mathematical Statistics},
  volume={22},
  number={3},
  pages={400--407},
  year={1951}
}

@misc{D2LChapterOptimization,
  title={Dive into Deep Learning: Optimization},
  author={Zhang, Aston and Lipton, Zachary C. and Li, Mu and Smola, Alexander J. and others},
  year={2024},
  howpublished={\url{https://d2l.ai/chapter_optimization/index.html}},
  note={Accessed 2025-10-14}
}

